%%%%%%%%%%%%%%%% README %%%%%%%%%%%%%%%%%%%%%%%%%%%%%%%%
% Place the BIBTeX entry in the right category 
% 
% BIBTeX labels:  {SurnameYear}, as in Albertsson2018
% Capitalized words in titles must be placed in {...}, as in:
%                       title = {Beyond the proton drip line: {Bayesian} analysis}
% Journal abbreviations:should be done according to the ISO4 standard:
%                       https://academic-accelerator.com/Journal-Abbreviation/System
% doi - include if possible
% url - include if possible
% do not include: abstract; eprint data, report numbers  for published papers;

@book{Goodfellow-et-al-2016,
    title={Deep Learning},
    author={Ian Goodfellow and Yoshua Bengio and Aaron Courville},
    publisher={MIT Press},
    note={\url{http://www.deeplearningbook.org}},
    year={2016}
}

@book{hastie,
  title     = "The elements of statistical learning",
  author    = "Hastie, Trevor and Tibshirani, Robert and Friedman, J H",
  publisher = "Springer",
  series    = "Springer series in statistics",
  edition   =  2,
  month     =  dec,
  year      =  2009,
  address   = "New York, NY"
}

@unpublished{frank,
    title = "A critical comparison of some methods for interpolation of scattered data.",
    author = "Franke, Richard",
    year = 1979,
    note = "(No. NPS53-79-003). Naval Postgraduate School Monterey CA."
}


@article{foster,
author = {Provost, Foster and Fawcett, Tom},
title = {Data Science and its Relationship to Big Data and Data-Driven Decision Making},
journal = {Big Data},
volume = {1},
number = {1},
pages = {51-59},
year = {2013},
doi = {10.1089/big.2013.1508},
URL = { https://doi.org/10.1089/big.2013.1508},
eprint = {https://doi.org/10.1089/big.2013.1508}}

@article{Kitchin,
author = {Rob Kitchin},
title ={Big Data, new epistemologies and paradigm shifts},
journal = {Big Data \& Society},
volume = {1},
number = {1},
pages = {2053951714528481},
year = {2014},
doi = {10.1177/2053951714528481},
URL = { https://doi.org/10.1177/2053951714528481},
eprint = { https://doi.org/10.1177/2053951714528481}
}

@book{james,
  title     = "An introduction to statistical learning: with Applications in Python",
  author    = "James, Gareth and Witten, Daniela and Hastie, Trevor and
               Tibshirani, Robert and Taylor, Jonathan",
  publisher = "Springer International Publishing",
  edition   =  1,
  year      =  2023,
}

@online{morten,
  author = {Morten Hjorth-Jensen},
  title = {Applied Data Analysis and Machine Learning},
  year = 2024,
  url = {https://compphysics.github.io/MachineLearning/doc/LectureNotes/_build/html/intro.html},
  urldate = {2024-01-10}
}

@article{grid_search,
title = {On hyperparameter optimization of machine learning algorithms: Theory and practice},
journal = {Neurocomputing},
volume = {415},
pages = {295-316},
year = {2020},
issn = {0925-2312},
doi = {https://doi.org/10.1016/j.neucom.2020.07.061},
url = {https://www.sciencedirect.com/science/article/pii/S0925231220311693},
author = {Li Yang and Abdallah Shami},
}

@misc{sklearn,
  key   = "SKLearn",
  title = "Scikit Learn.",
  url  = "https://scikit-learn.org/stable/index.html",
  year = {2024}
}