%%%%%%%%%%%%%%%%% README %%%%%%%%%%%%%%%%%%%%%%%%%%%%%%%%
% Place the BIBTeX entry in the right category 
% 
% BIBTeX labels:  {SurnameYear}, as in Albertsson2018
% Capitalized words in titles must be placed in {...}, as in:
%                       title = {Beyond the proton drip line: {Bayesian} analysis}
% Journal abbreviations:should be done according to the ISO4 standard:
%                       https://academic-accelerator.com/Journal-Abbreviation/System
% doi - include if possible
% url - include if possible
% do not include: abstract; eprint data, report numbers  for published papers;

@book{Goodfellow-et-al-2016,
    title={Deep Learning},
    author={Ian Goodfellow and Yoshua Bengio and Aaron Courville},
    publisher={MIT Press},
    note={\url{http://www.deeplearningbook.org}},
    year={2016}
}

@book{hastie,
  title     = "The elements of statistical learning: Data mining, Inference, and Prediction",
  author    = "Hastie, Trevor and Tibshirani, Robert and Friedman, J H",
  publisher = "Springer",
  series    = "Springer series in statistics",
  edition   =  2,
  month     =  dec,
  year      =  2009,
  address   = "New York, NY"
}

@book{frank,
    title = "A critical comparison of some methods for interpolation of scattered data.",
    author = "Franke, Richard",
    year = 1979,
    publisher = "No. NPS53-79-003. Naval Postgraduate School Monterey CA."
}


@article{foster,
author = {Provost, Foster and Fawcett, Tom},
title = {Data Science and its Relationship to Big Data and Data-Driven Decision Making},
journal = {Big Data},
volume = {1},
number = {1},
pages = {51-59},
year = {2013},
doi = {10.1089/big.2013.1508},
URL = { https://doi.org/10.1089/big.2013.1508},
eprint = {https://doi.org/10.1089/big.2013.1508}}

@article{Kitchin,
author = {Rob Kitchin},
title ={Big Data, new epistemologies and paradigm shifts},
journal = {Big Data \& Society},
volume = {1},
number = {1},
pages = {2053951714528481},
year = {2014},
doi = {10.1177/2053951714528481},
URL = { https://doi.org/10.1177/2053951714528481},
eprint = { https://doi.org/10.1177/2053951714528481}
}

@book{james,
  title     = "An introduction to statistical learning: with Applications in Python",
  author    = "James, Gareth and Witten, Daniela and Hastie, Trevor and
               Tibshirani, Robert and Taylor, Jonathan",
  publisher = "Springer International Publishing",
  edition   =  1,
  year      =  2023,
}

@online{morten,
  author = {Morten Hjorth-Jensen},
  title = {Applied Data Analysis and Machine Learning},
  year = 2024,
  url = {https://compphysics.github.io/MachineLearning/doc/LectureNotes/_build/html/intro.html},
  urldate = {2024-01-10}
}

@article{grid_search,
title = {On hyperparameter optimization of machine learning algorithms: Theory and practice},
journal = {Neurocomputing},
volume = {415},
pages = {295-316},
year = {2020},
issn = {0925-2312},
doi = {https://doi.org/10.1016/j.neucom.2020.07.061},
url = {https://www.sciencedirect.com/science/article/pii/S0925231220311693},
author = {Li Yang and Abdallah Shami},
}

@misc{sklearn,
  author   = {SKLearn},
  title = {Scikit Learn.},
  howpublished  = {\url{https://scikit-learn.org/stable/index.html}},
  year = {2024},
  note = {Python package}
}

@misc{mortengithub,
  author = {Morten Hjorth-Jensen},
  title        = {SRTM Data Norway 1},
  publisher       = {CompPhysics/MachineLearning},
  howpublished = {\url{https://github.com/CompPhysics/MachineLearning/commits/master/doc/Projects/2023/Project1/DataFiles/SRTM_data_Norway_1.tif}},
  year         = {2023},
  note         = {Data file}
}

@book{fahrmeir,
  title={Regression: Models, Methods and Applications},
  author={Fahrmeir, L. and Kneib, T. and Lang, S. and Marx, B.},
  isbn={9783642343339},
  url={https://books.google.no/books?id=EQxU9iJtipAC},
  year={2013},
  publisher={Springer Berlin Heidelberg}
}

@article{tibshirani,
author = {Tibshirani, Robert},
title = {Regression Shrinkage and Selection Via the Lasso},
journal = {Journal of the Royal Statistical Society: Series B (Methodological)},
volume = {58},
number = {1},
pages = {267-288},
keywords = {quadratic programming, regression, shrinkage, subset selection},
doi = {https://doi.org/10.1111/j.2517-6161.1996.tb02080.x},
url = {https://rss.onlinelibrary.wiley.com/doi/abs/10.1111/j.2517-6161.1996.tb02080.x},
eprint = {https://rss.onlinelibrary.wiley.com/doi/pdf/10.1111/j.2517-6161.1996.tb02080.x},
year = {1996}
}

@article{hoerl,
author = {Roger W. Hoerl},
title = {Ridge Regression: A Historical Context},
journal = {Technometrics},
volume = {62},
number = {4},
pages = {420--425},
year = {2020},
publisher = {ASA Website},
doi = {10.1080/00401706.2020.1742207},
URL = {https://doi.org/10.1080/00401706.2020.1742207},
eprint = {https://doi.org/10.1080/00401706.2020.1742207}}


@book{martin,
  title={Linear Regression: An Introduction to Statistical Models},
  author={Peter Martin},
  year={2022},
  publisher={SAGE Publications Ltd}
}

@book{raschka,
    author = {Raschka, S. and Liu, Y. and Mirjalili V.},
    title = {Machine Learning with PyTorch and Scikit-Learn},
    publisher = {Packt},
    year = {2022}
}

@Book{jm3,
  author = "Daniel Jurafsky and James H. Martin",
  title =  "Speech and Language Processing: An Introduction to Natural Language Processing, Computational Linguistics, and Speech Recognition with Language Models",
  year =  "2024",
  url = {https://web.stanford.edu/~jurafsky/slp3/},
  note = "Online manuscript released August 20, 2024",
  edition =         "3rd",
  }

@book{Ketkar2017,
author="Ketkar, Nikhil",
title="Deep Learning with Python: A Hands-on Introduction",
year="2017",
publisher="Apress",
address="Berkeley, CA",
pages="113--132",
isbn="978-1-4842-2766-4",
doi="10.1007/978-1-4842-2766-4",
url="https://doi.org/10.1007/978-1-4842-2766-4"
}

@ARTICLE{Shore,
  author={Shore, J. and Johnson, R.},
  journal={IEEE Transactions on Information Theory}, 
  title={Properties of cross-entropy minimization}, 
  year={1981},
  volume={27},
  number={4},
  pages={472-482},
  keywords={},
  doi={10.1109/TIT.1981.1056373}}

@misc{kingba,
      title={Adam: A Method for Stochastic Optimization}, 
      author={Diederik P. Kingma and Jimmy Ba},
      year={2017},
      eprint={1412.6980},
      archivePrefix={arXiv},
      primaryClass={cs.LG},
      url={https://arxiv.org/abs/1412.6980}, 
}

@misc{schaul2014,
      title={Unit Tests for Stochastic Optimization}, 
      author={Tom Schaul and Ioannis Antonoglou and David Silver},
      year={2014},
      eprint={1312.6055},
      archivePrefix={arXiv},
      primaryClass={cs.LG},
      url={https://arxiv.org/abs/1312.6055}, 
}

@book{nielsen,
  title = {Neural Networks and Deep Learning},
  author = {Nielsen, Michael A.},
  year = {2015},
  url = {http://neuralnetworksanddeeplearning.com/},
  note = {Accessed: 2023-10-31}
}

@misc{breast_cancer_wisconsin,
  author       = {William Wolberg and Olvi Mangasarian and Nick Street and W. Street},
  title        = {{Breast Cancer Wisconsin (Diagnostic)}},
  year         = {1993},
  howpublished = {UCI Machine Learning Repository},
  url          = {https://doi.org/10.24432/C5DW2B}
}

@misc{kreft_reg,
    author = {Kreftregisteret},
    year = {2024},
    title = {Nøkkeltall},
    url = {https://www.kreftregisteret.no/screening/mammografiprogrammet/Nokkeltall/}
}

@misc{project1,
    author = {Julie Bjørnstad and Gaute Johannessen and Mia Merlid},
    title = {Applying linear regression methods to terrain data},
    year = {2024},
    url = {https://github.com/GauteJ1/FYS-STK-projects/blob/main/project_1/FYS_STK_project_1.pdf}
}

@InProceedings{NN_history,
author="Macukow, Bohdan",
editor="Saeed, Khalid
and Homenda, W{\l}adys{\l}aw",
title="Neural Networks -- State of Art, Brief History, Basic Models and Architecture",
booktitle="Computer Information Systems and Industrial Management",
year="2016",
publisher="Springer International Publishing",
address="Cham",
pages="3--14",
isbn="978-3-319-45378-1"
}


@inproceedings{Street1993NuclearFE,
  title={Nuclear feature extraction for breast tumor diagnosis},
  author={William Nick Street and William H. Wolberg and Olvi L. Mangasarian},
  booktitle={Electronic imaging},
  year={1993},
  url={https://api.semanticscholar.org/CorpusID:14922543}
}

@software{jax2018github,
  author = {James Bradbury and Roy Frostig and Peter Hawkins and Matthew James Johnson and Chris Leary and Dougal Maclaurin and George Necula and Adam Paszke and Jake Vander{P}las and Skye Wanderman-{M}ilne and Qiao Zhang},
  title = {{JAX}: composable transformations of {P}ython+{N}um{P}y programs},
  url = {http://github.com/jax-ml/jax},
  version = {0.3.13},
  year = {2018},
}

@ARTICLE{NumPy-Array,
  author  = {Harris, Charles R. and Millman, K. Jarrod and
            van der Walt, Stéfan J and Gommers, Ralf and
            Virtanen, Pauli and Cournapeau, David and
            Wieser, Eric and Taylor, Julian and Berg, Sebastian and
            Smith, Nathaniel J. and Kern, Robert and Picus, Matti and
            Hoyer, Stephan and van Kerkwijk, Marten H. and
            Brett, Matthew and Haldane, Allan and
            Fernández del Río, Jaime and Wiebe, Mark and
            Peterson, Pearu and Gérard-Marchant, Pierre and
            Sheppard, Kevin and Reddy, Tyler and Weckesser, Warren and
            Abbasi, Hameer and Gohlke, Christoph and
            Oliphant, Travis E.},
  title   = {Array programming with {NumPy}},
  journal = {Nature},
  year    = {2020},
  volume  = {585},
  pages   = {357–362},
  doi     = {10.1038/s41586-020-2649-2}
}

@inproceedings{Ansel_PyTorch_2_Faster_2024,
author = {Ansel, Jason and Yang, Edward and He, Horace and Gimelshein, Natalia and Jain, Animesh and Voznesensky, Michael and Bao, Bin and Bell, Peter and Berard, David and Burovski, Evgeni and Chauhan, Geeta and Chourdia, Anjali and Constable, Will and Desmaison, Alban and DeVito, Zachary and Ellison, Elias and Feng, Will and Gong, Jiong and Gschwind, Michael and Hirsh, Brian and Huang, Sherlock and Kalambarkar, Kshiteej and Kirsch, Laurent and Lazos, Michael and Lezcano, Mario and Liang, Yanbo and Liang, Jason and Lu, Yinghai and Luk, CK and Maher, Bert and Pan, Yunjie and Puhrsch, Christian and Reso, Matthias and Saroufim, Mark and Siraichi, Marcos Yukio and Suk, Helen and Suo, Michael and Tillet, Phil and Wang, Eikan and Wang, Xiaodong and Wen, William and Zhang, Shunting and Zhao, Xu and Zhou, Keren and Zou, Richard and Mathews, Ajit and Chanan, Gregory and Wu, Peng and Chintala, Soumith},
booktitle = {29th ACM International Conference on Architectural Support for Programming Languages and Operating Systems, Volume 2 (ASPLOS '24)},
doi = {10.1145/3620665.3640366},
month = apr,
publisher = {ACM},
title = {{PyTorch 2: Faster Machine Learning Through Dynamic Python Bytecode Transformation and Graph Compilation}},
url = {https://pytorch.org/assets/pytorch2-2.pdf},
year = {2024}
}

@software{Abadi_TensorFlow_Large-scale_machine_2015,
author = {Abadi, Martín and Agarwal, Ashish and Barham, Paul and Brevdo, Eugene and Chen, Zhifeng and Citro, Craig and Corrado, Greg S. and Davis, Andy and Dean, Jeffrey and Devin, Matthieu and Ghemawat, Sanjay and Goodfellow, Ian and Harp, Andrew and Irving, Geoffrey and Isard, Michael and Jozefowicz, Rafal and Jia, Yangqing and Kaiser, Lukasz and Kudlur, Manjunath and Levenberg, Josh and Mané, Dan and Schuster, Mike and Monga, Rajat and Moore, Sherry and Murray, Derek and Olah, Chris and Shlens, Jonathon and Steiner, Benoit and Sutskever, Ilya and Talwar, Kunal and Tucker, Paul and Vanhoucke, Vincent and Vasudevan, Vijay and Viégas, Fernanda and Vinyals, Oriol and Warden, Pete and Wattenberg, Martin and Wicke, Martin and Yu, Yuan and Zheng, Xiaoqiang},
doi = {10.5281/zenodo.4724125},
license = {Apache-2.0},
month = nov,
title = {{TensorFlow, Large-scale machine learning on heterogeneous systems}},
year = {2015}
}